@STRING{anch-ie = {Angew.~Chem. Int.~Ed.} }
@STRING{cup     = {Cambridge University Press} }
@STRING{dtv     = {Deutscher Taschenbuch-Verlag} }
@STRING{hup     = {Harvard University Press} }
@STRING{jams    = {J.~Amer. Math. Soc.} }
@STRING{jchph   = {J.~Chem. Phys.} }
@STRING{jomch   = {J.~Organomet. Chem.} }
@STRING{pup     = {Princeton University Press} }
@STRING{dbd     = {Doubleday} }

@Book{dict:latin,
  title = {Cassell's Latin Dictionary},
  author = {D. P. Simpson},
  publisher = {Wiley},
  location = {New York},
  year = {1968},
  edition = {5},
}

@Book{dict:greek,
  title = {Greek-English Lexicon: Abridged Edition},
  shorttitle = {Greek-English Lexicon},
  author = {{Oxford University}},
  location = {Oxford},
  year = {1891},
}

@Scripture{bible,
  maintitle     = {The Holy Bible: Revised Standard Version --
                   Catholic Edition \emph{(RSV-CE)}},
  sortname      = {Ignatius},
  author        = {{Ignatius Press}},
  location      = {San Francisco},
  year          = {1994},
}

@Scripture{biblegreek,
  maintitle     = {Novum Testamentum Graece et Latine},
  sortname      = {{Pontificium Institutum Biblicum}},
  author        = {{Pontificium Institutum Biblicum}},
  location      = {Rome},
  year          = {1992},
  edition       = {11},
}


@Article{doc:processionhs,
  author       = {{Pontifical Council for Promoting Christian Unity}},
  shortauthor  = {{Pont. Counc. for Prom. Christian Unity}},
  shorttitle   = {Greek and Latin Traditions~\ldots},
  indextitle   = {Greek and Latin Traditions Regarding the Procession
                  of the Holy Spirit},
  title        = {The Greek and Latin Traditions Regarding the Procession
                  of the Holy Spirit},
  journaltitle = {L'Osservatore Romano\emph{, September 20}},
  %volume          = {25},
  %number          = {38},
  year         = {1995},
  pages        = {3 and 6}
}

@Book{quasten:beginnings,
  author     = {Johannes Quasten},
  title      = {The Beginnings of Patristic Literature: from the Apostles Creed
                to Irenaeus},
  shorttitle = {The Ante-Nicene\ldots},
  maintitle  = {Patrology},
  volume     = {2},
  publisher  = {Christian Classics},
  location   = {Westminster (Maryland)},
  year       = {1992}
}

@Book{quasten:afterirenaeus,
  author = {Johannes Quasten},
  title = {The Ante-Nicene Literature After Irenaeus},
  shorttitle = {The Ante-Nicene\ldots},
  maintitle = {Patrology},
  volume = {2},
  publisher = {Christian Classics},
  location = {Westminster (Maryland)},
  year = {1992}
}

@Book{quasten:goldengreek,
  author = {Johannes Quasten},
  title = {The Golden Age of Greek Patristic Literature},
  shorttitle = {The Golden Age of Greek\ldots},
  maintitle = {Patrology},
  volume = {3},    
  publisher = {Christian Classics},
  location = {Westminster (Maryland)},
  year = {1992}
}

@Book{quasten:goldenlatin,
  editor = {Angelo {Di Bernardino}},
  translator = {Placid Solari},
  title = {The Golden Age of Latin Patristic Literature from the Council of Nicea to the Council of Chalcedon},
  shorttitle = {The Golden Age of Latin\ldots},
  maintitle = {Patrology},
  volume = {4},
  publisher = {Christian Classics},
  location = {Westminster (Maryland)},
  year = {1992}
}

@Book{bihlmeyer:antiquity,
  author = {Karl Bihlmeyer and Hermann Tuechle},
  title = {Storia della chiesa},
  shorttitle = {L'antiquità cristiana},
  volume = {1: \emph{l'antiquità cristiana}},
  publisher = {Morcelliana},
  location = {Brescia},
  year = {1994},
  edition = {13}
}

@Book{bihlmeyer:middleages,
  author     = {Karl Bihlmeyer and Hermann Tuechle},
  title      = {Storia della chiesa},
  shorttitle = {Il medioevo},
  volume     = {2: \emph{Il medioevo}},
  publisher  = {Morcelliana},
  location   = {Brescia},
  year       = {1989},
  edition    = {9}
}

@ClassicalBook{pg:origen:inioanne,
  author           = {Origen},
  title            = {The Commentary of Origen on S. John's Gospel},
  shorttitle       = {In Ioan.},
  volume           = {1},
  editor           = {A. E. Brooke},
  publisher        = {University Press},
  location         = {Cambridge},
  year             = {1896}
}

@InClassicalCollection{pg:maximus:lettertomarinus,
  crossref         = {pg:anthology},
  author           = {{St.{} Maximus the Confessor}},
  sortname         = {{Maximus the Confessor}},
  title            = {Epistola ad Marinum},
  shorttitle       = {Epist. ad Marinum},
  volume = {91},
  year = {1865},
}

@InClassicalCollection{pg:maximus:adthalass,
  crossref   = {pg:anthology},
  author     = {{St.\ Maximus the Confessor}},
  sortname   = {{Maximus the Confessor}},
  title      = {Quaestiones ad Thalassium},
  shorttitle = {Quaest. ad Thalass.},
  volume     = {90},
  year       = {1865},
}

@InClassicalCollection{pl:tertullian:advprax,
  crossref         = {pl:anthology},
  author           = {Tertullian},
  title            = {Adversus Praxean},
  shorttitle       = {Adv. Praxean},
  year       = {1844},
  volume = {2},
}

@ClassicalBook{pl:hilary:detrin,
  title = {De Trinitate},
  shorttitle = {De Trin.},
  author = {{St.{} Hilary of Poitiers}},
  sortname= {{Hilary of Poitiers}},
  publisher = {Biblioteca de Autores Cristianos},
  location = {Madrid},
  editor = {Luis Ladaria},
  year = {1986},
}

@InClassicalCollection{pl:ambrose:despiritusancto,
  crossref   = {pl:anthology},
  title      = {De Spiritu sancto},
  author     = {{St.~Ambrose}},
  sortname   = {Ambrose},
  volume     = {16},
  year       = {1888},
}

@InClassicalCollection{pl:augustine:detrin,
  crossref = {pl:anthology},
  title = {De Trinitate},
  shorttitle = {De Trin.},
  author = {{St.~Augustine}},
  sortname= {Augustine},
  volume = {42},
  year = {1865},
}

@InClassicalCollection{pl:augustine:decivitatedei,
   crossref = {pl:anthology},
   title = {De Civitate Dei},
  shorttitle = {De Civ. Dei},
  author = {{St.~Augustine}},
  sortname= {Augustine},
  volume = {41},
  year = {1864},
}

@InClassicalCollection{pl:augustine:inioan,
  crossref = {pl:anthology},
  title = {In Ioannis Evangelium},
  shorttitle = {In Ioan.},
  author = {{St.~Augustine}},
  sortname= {Augustine},
  volume = {35},
  year = {1864},
}

@InClassicalCollection{pl:augustine:contramax,
  crossref  = {pl:anthology},
  title = {Contra Maximinum},
  shorttitle = {Contra Max.},
  author = {{St.~Augustine}},
  sortname= {Augustine},
  volume = {42},
  year = {1865},
}

@InClassicalCollection{pl:leo:sermo,
  crossref = {pl:anthology},
  title = {Sermones},
  author = {{St.~Leo the Great}},
  sortname= {{Leo the Great}},
  volume = {54},
  year = {1846},
}

@InClassicalCollection{pg:damascene:defideorthodoxa,
  title      = {De fide orthodoxa},
  shorttitle = {De Fide Orth.},
  author     = {{St.~John Damascene}},
  sortname   = {{John Damascene}},
  crossref   = {pg:anthology},
  volume     = {94},
  year       = {1862},
}

@InClassicalCollection{pg:damascene:contramanich,
  title      = {Dialogus contra Manichaeos},
  shorttitle = {Dial. cont. Manich.},
  author     = {{St.~John Damascene}},
  sortname    = {{John Damascene}},
  crossref   = {pg:anthology},
  volume   = {94},
  year   = {1862},
}

@InClassicalCollection{pg:athanasius:serapion,
  crossref   = {pg:anthology},
  title      = {Epistulae ad Serapionem},
  shorttitle = {Epist.~ad Serap.},
  author     = {{St.~Athanasius}},
  sortname    = {Athanasius},
  volume = {26},
  year = {1857},
}

@InClassicalCollection{pg:didymus:despiritusancto,
  title      = {De Spiritu sancto},
  author     = {{Didymus the Blind}},
  volume     = {39},
  crossref   = {pg:anthology},
  year       = {1858},
}

@InClassicalCollection{pg:epiphanius:ancoratus,
  title      = {Ancoratus},
  author     = {{Epiphanius of Salamis}},
  volume     = {43},
  crossref   = {pg:anthology},
  year       = {1864},
}

@InClassicalCollection{pg:cyril:thesaurus,
  title      = {Thesaurus},
  author     = {{St.~Cyril of Alexandria}},
  sortname   = {{Cyril of Alexandria}},
  volume     = {75},
  crossref   = {pg:anthology},
  year       = {1863},
}

@InClassicalCollection{pg:basil:despiritusancto,
  title      = {De Spiritu sancto},
  author     = {{St.~Basil the Great}},
  sortname    = {{Basil the Great}},
  volume     = {32},
  crossref   = {pg:anthology},
  year       = {1857},
}

@InClassicalCollection{pg:basil:adversuseunomium,
  title      = {Adversus Eunomium},
  shorttitle      = {Adv.~Eunom.},
  author     = {{St.~Basil the Great}},
  sortname    = {{Basil the Great}},
  volume     = {29},
  crossref   = {pg:anthology},
  year       = {1857},
}

@InClassicalCollection{pg:nazianzen:insanctalumina,
  title      = {Oratio 39 in sancta lumina},
  shorttitle      = {Orat. 39 in sanct. lum.},
  author     = {{St.~Gregory Nazianzen}},
  sortname    = {{Gregory Nazianzen}},
  volume     = {36},
  crossref   = {pg:anthology},
  year       = {1858},
}

@InClassicalCollection{pg:nazianzen:despiritusancto,
  title      = {Oratio 31 de Spiritu sancto},
  shorttitle = {Orat. 31 de Spiritu Sancto},
  author     = {{St.~Gregory Nazianzen}},
  sortname   = {{Gregory Nazianzen}},
  volume     = {36},
  crossref   = {pg:anthology},
  year       = {1858},
}

@InClassicalCollection{pg:nyssa:inoratdomin,
  title      = {Fragmentum in orationem dominicam},
  shorttitle = {Frag. in orat. dom.},
  author     = {{St.~Gregory of Nyssa}},
  sortname   = {{Gregory of Nyssa}},
  volume     = {46},
  crossref   = {pg:anthology},
  year       = {1863},
}

@InClassicalCollection{pg:nyssa:adveunom,
  title      = {Adversus Eunomium},
  shorttitle      = {Adv. Eunom.},
  author     = {{St.~Gregory of Nyssa}},
  sortname    = {{Gregory of Nyssa}},
  volume     = {45},
  crossref   = {pg:anthology},
  year       = {1863},
}

@Collection{pl:anthology,
  booktitle = {Patrologia Latina},
  title     = {Patrologia Latina},
  publisher = {Migne},
  location  = {Paris},
  options   = {skipbib=true},
}

@Book{mansixii,
  author      = {J. D. Mansi},
  title         = {Sacrorum Conciliorum Nova Amplissima Collectio},
  volume = {12},
  year  =  {1766},
  location      = {Florence},
}

@Book{denzinger,
  author      = {Heinrich Denzinger},
  editor      = {Peter Hünermann},
  title       = {Enchiridion Symbolorum},
  language    = {Latin and Italian},
  publisher   = {Dehoniane},
  location    = {Bologna},
  year        = {1996},
  edition     = {2},
  shorthand   = {D.H.},
}

@Book{CCC,
  title      = {Catechism of the Catholic Church},
  shorthand  = {CCC},
  publisher  = {Doubleday},
  location   = {New York},
  year       = {1997},
  edition    = {2},
}

@Book{cicero,
  hyphenation = {german},
  author      = {Cicero, Marcus Tullius},
  editor      = {Blank-Sangmeister, Ursula},
  translator  = {Blank-Sangmeister, Ursula},
  afterword   = {Thraede, Klaus},
  indextitle  = {De natura deorum},
  title       = {De natura deorum. {\"U}ber das Wesen der G{\"o}tter},
  shorttitle  = {De natura deorum},
  language    = {langlatin and langgerman},
  publisher   = {Reclam},
  location    = {Stuttgart},
  year        = {1995},
  annotation  = {A bilingual edition of Cicero's \emph{De natura deorum}, with a
                 German translation. Note the format of the \texttt{language} field
                 in the database file, theenation of the \texttt{editor} and
                 \texttt{translator} fields, and the \texttt{afterword} field}
}

@ClassicalBook{enc:jpii:fr,
  title = {Fides et Ratio\textrm{, } AAS},
  shorttitle = {Fides et Ratio},
  author = {{John Paul II}},
  sortname= {{John Paul II}},
  year = {September 14, 1998},
  volume = {91[1999], pp. 5-88}
}

@Book{benedict:sapienza,
  title = {Lecture by the Holy Father Benedict XVI at the University of Rome “La Sapienza”\textrm{, } AAS},
  shorttitle = {Lecture at La Sapienza},
  author = {{Benedict XVI}},
  sortname= {{Benedict XVI}},
  year = {January 17, 2008},
  volume = {100[2008], pp. 107-114}
}

@article{alvarez_mauri_m_pensamiento,
    title = {Perspectivas actuales sobre la virtud. Estudio bibliográfico},
        shorttitle = {Perspectivas actuales~\ldots},
    volume = {192},
    %number = {48},
    journal = {Pensamiento},
    author = {Álvarez Mauri, M.},
    year = {1992},
    pages = {459--480},
    pagination = {none},
}

@article{andereggen_todos_2000,
    title = {Todos los hombres desean la felicidad},
    volume = {55},
    %url = {http://www.thomistica.info/bth/index.php?action=resourceView&id=61037&access=1&search=highlight},
    %language = {Spanish},
    journal = {Sapientia},
    author = {Andereggen, I. E. M.},
    year = {2000},
    pages = {541--556},
    pagination = {none},
}

@article{bastit_m_revue_thomiste,
    title = {Le thomisme est-il un aristotélisme?},
    volume = {101},
    abstract = {A la différence des interprétations devenues classiques, on soutient ici que la structure fondamentale de la pensée de saint Thomas est un aristotélisme qui lui permet d'assimiler et de dominer les éléments néo-platoniciens que l'on découvre chez lui. Après vérification de la thèse successivement a propos de la diversité de l'être, de la hiérarchie formelle, et enfin de la composition d'essence et d'esse, on suggère qu'il ne peut en être autrement dans une pensée théologique qui se doit de reconnaître et la transcendance du Premier des êtres, et la consistance d'une nature qui est son oeuvre.},
    %number = {1},
    journal = {Revue Thomiste},
    author = {Bastit, M.},
    year = {2001},
    pages = {101--116},
    pagination = {none},
}

@article{beuchot_puente_m_ciencia_tomista,
    title = {`Phrónesis', hermenéutica y símbolo},
    volume = {133},
    %url = {http://www.thomistica.info/bth/index.php?action=resourceView&id=83783&access=1&search=highlight},
    abstract = {Quiere conectarse en este capítulo la razón práctica, la phrónesis y la hermenéutica, pues uno de los ejemplos de la razón práctica que habitualmente se toman (desde Aristóteles) es el de la prudencia, a la que se le ha asignado un papel nuclear, la llave de las virtudes. Hace un repaso por la concepción antigua y medieval de la prudencia, para compararla con el valor que se le da en el pensamiento moderno y contemporáneo (que ha intentado recuperar el valor de la razón práctica, en parte como salida de la bancarrota de la razón moderna). Para esta virtud es importante el valor de la analogía frente a la univocidad.
Summary Author: María Idoya Zorroza, Universidad de Navarra, Pamplona},
    %number = {429},
    journal = {Ciencia Tomista},
    author = {Beuchot Puente, M.},
    year = {2006},
    pages = {5--14},
    pagination = {none},
}

@incollection{bourke_nicomachean_1974,
    address = {Toronto},
    title = {The `Nicomachean Ethics' and Thomas Aquinas.},
    volume = {1},
    %url = {http://www.thomistica.info/bth/index.php?action=resourceView&id=61749&access=1&search=highlight},
    abstract = {The purpose is to show the relation of Aquinas' moral Philosophy to aristotle's. Based on the new (1969) edition of Thomas' commentary and the recent literature on it, this article studies the text of aristotle used by Aquinas, prior commentaries used, date and place of writing his commentary, its relation to his other ethical writings, the extent to which Aquinas modified aristotle, and the ethical value of the commentary. The conclusion is that the commentary is an important part of Aquinas' ethics.},
    booktitle = {St. Thomas Aquinas 1274-1974: Commemorative Studies},
    publisher = {Pontifical Institute of Mediaeval Studies},
    author = {Bourke, V. J.},
    year = {1974},
    pages = {239--259},
    pagination = {none},
}

@article{damore_b_sapienza,
    title = {Il problema dell'essere e del dover essere nel pensiero di S. Tommaso},
    volume = {27},
    %url = {http://www.thomistica.info/bth/index.php?action=resourceView&id=61029&access=1&search=highlight},
    journal = {Sapienza},
    author = {{D'Amore}, B.},
    year = {1974},
    pages = {360--378},
    pagination = {none},
}

@article{echavarria_m_espiritu,
    title = {Virtud y ser según Tomás de Aquino},
    shorttitle = {Virtud y ser~\ldots},
    volume = {58},
    %url = {http://www.academia.edu/3043952/Virtud_y_ser_segun_Tomas_de_Aquino},
    %number = {138},
    journal = {Espíritu},
    author = {Echavarría, Martín Federico},
    year = {2009},
    pages = {9--36},
    pagination = {none},
}

@phdthesis{garcia_alvaro_virtud_2007,
    type = {thesis},
    title = {La virtud de la prudencia y el fin de las virtudes morales en la `Summa Theologiae'},
    author = {García Álvaro, Fernando},
    year = {2007},
    file = {BIBLIOGRAPHIA THOMISTICA:/home/sgc65/.mozilla/firefox/mg9p8j6q.default/zotero/storage/K89ZB75T/index.html:text/html},
}

@article{gonzalez_am_sapientia,
    title = {Las fuentes de la moralidad a la luz de la ética aristotélica de la virtud},
    shorttitle = {Las fuentes~\ldots},
    volume = {56},
    %url = {http://www.thomistica.info/bth/index.php?action=resourceView&id=64074&access=1&search=highlight},
    journal = {Sapientia},
    author = {González, A. M.},
    year = {2001},
    pages = {357--377},
    pagination = {none},
}

@article{kaczor_cr_the_thomist,
    title = {Exceptionless Norms in Aristotle, Thomas Aquinas and Twentieth-Century Interpreters of the {`Nicomachean}, Ethics'},
    volume = {61},
    %url = {http://www.thomistica.info/bth/index.php?action=resourceView&id=66648&access=1&search=highlight},
    abstract = {Within the context of larger debates in Thomistic ethics, the author presents the arguments of Martha Nussbaum, Nancy Sherman and W. F. R. Hardie that either explicitly or implicitly undermine the possibility of exceptionless norms in Aristotle's {"Nicomachean}, Ethics". Next, Thomas Aquinas's reading of the {"Nicomachean}, Ethics" in his {"Sententia}, libri ethicorum" is contrasted with these modern interpreters of Aristotle. The very analogies used by Aristotle suggest a place for exceptionless norms as does the explicit teaching of {"Nicomachean}, Ethics" {II}, 6. Some possible responses to Nussbaum, Sherman and Hardie are presented in the final section},
    %number = {1},
    journal = {The Thomist},
    author = {Kaczor, C. R.},
    year = {1997},
    pages = {33--62},
    pagination = {none},
}

@article{kaczor_thomas_2004,
    title = {Thomas Aquinas's `Commentary, on the Ethics': Merely an Interpretation of Aristotle?},
    volume = {78},
    %url = {http://www.thomistica.info/bth/index.php?action=resourceView&id=73266&access=1&search=highlight},
    abstract = {In recent years, some controversy has arisen about whether Thomas Aquinas's commentaries on Aristotle can be read as expressing Aquinas's own views rather than as simply an interpretation of Aristotle. This article examines the reasons given in favor of the view that the commentaries' in particular the commentary on the Nicomachean Ethics, are merely interpretations of Aristotle. Using Thomas's scripture commentaries, internal evidence, as well as the history of reception, it is concluded that the Sententia libri ethicorum presents Thomas's own views and not merely his understanding of Aristotle.},
    %number = {3},
    journal = {American Catholic Philosophical Quarterly},
    author = {Kaczor, C. R.},
    year = {2004},
    pages = {353--378},
    pagination = {none},
}

@article{mas_torres_s_revista_de_filosofia,
    title = {El tema de la virtud: A. {MacIntyre}, lector de Aristóteles},
    volume = {8},
    %url = {http://www.thomistica.info/bth/index.php?action=resourceView&id=67798&access=1&search=highlight},
    abstract = {This essay analyzes {AM's}, arguments in the light of two main subjects. First, his roots in the cultural tradition of which he considers himself an heir; in this sense, my contention is that {AM's}, Aristotle is extremely personal, since besides being an Aristotle who is already acquainted with the Hellenistic, {AM}, approaches him from an Augustinian standpoint. Briefly stated, it is an ad hoc Aristotle, read in the light of an ethics of virtue. Second, I compare {AM's}, points of view with others which also claim to be Aristotelian, specially within the German context, and which I consider more coherent since they do without {AM's}, "liberal" biases, hardly compatible with his own reading of Aristotle. In short, I reach the following conclusions: a) {AM}, only manages to show the possibility of an Aristotelian-Thomist narrative, b) to demonstrate this possibility does not mean to show that this narrative is true and correct and its alternatives are false and incorrect, c) {AM}, has taken this step at the cost of reinterpreting the tradition which permits his narrative.},
    %number = {15},
    journal = {Revista de Filosofía},
    author = {Mas Torres, S.},
    year = {1996},
    pages = {159--181},
    pagination = {none},
}

@article{miner_r_the_thomist,
    title = {Non-Aristotelian Prudence in the `Prima Secundae'\,},
    volume = {64},
    %url = {http://www.thomistica.info/bth/index.php?action=resourceView&id=68113&access=1&search=highlight},
    %number = {3},
    journal = {The Thomist},
    author = {Miner, {R.C.}},
    year = {2000},
    pages = {401--422},
    pagination = {none},
}

@article{pascual_alpha_omega,
    title = {Del Filebo a la Ética nicomáquea},
    volume = {11},
    %url = {http://www.uprait.org/sb/index.php/ao/article/viewFile/593/423},
    abstract = {El presente trabajo quiere ser una reflexión sobre ideas expuestas
                en el Filebo de Platón que, de una u otra manera, han sido recogidas
                o adaptadas en la Ética nicomáquea de Aristóteles. Una aproximación
                conjunta a los dos textos pone en evidencia el profundo hilo
                intelectual que une a estos dos gran des pensadores griegos, y el
                rico diálogo que establecen, desde posi ciones diversas, sobre temas
                centrales de la ética de todos los tiempos.},
    %number = {2},
    journal = {Alpha Omega},
    author = {Pascual, F.},
    year = {2008},
    pages = {191--211},
    pagination = {none},
}

@article{peterson_j_aquinas,
    title = {Virtue, End, and the Vision in Aquinas},
    volume = {40},
    %url = {http://www.thomistica.info/bth/index.php?action=resourceView&id=68853&access=1&search=highlight},
    abstract = {Does Aquinas recognize two human ends, a natural and a supernatural end, or does he recognize only one human end, the supernatural end or Beatific Vision? The answer is that he gets between abandoning outright the natural human end and simply adding that end onto the supernatural end without integrating the two. Instead, he weaves the two ends together. He makes one element in the natural end, i. e., acting well, a necessary means to the vision. Then he identifies the vision with the quintessence of the other element in the natural human end, i. e., thinking well or excellently. He thus avoids the extremes of intellectualism and pragmatism in ethics},
    %number = {3},
    journal = {Aquinas},
    author = {Peterson, J.},
    year = {1997},
    pages = {429--440},
    pagination = {none},
}

@book{selles_dauder_habitos_1998,
    series = {Cuadernos de Anuario Filosófico},
    title = {Hábitos y virtud {III.}, Pluralidad de hábitos y unidad en la virtud},
    %url = {http://www.google.com/%url?sa=t&rct=j&q=&esrc=s&source=web&cd=1&ved=0CC4QFjAA&%url=http%3A%2F%2Fwww.unav.es%2Ftmoral%2Fvirtudesyvalores%2Fvgeneral%2Fh3jf.pdf&ei=9veQUZT_G4fa4QTwiIGQAQ&usg=AFQjCNGC71Q-lCt5iOV80GrLb-xRpq9mxQ&sig2=I4eGe-bDqXzYyl_g2sGXBQ&bvm=bv.46340616,d.bGE&cad=rja},
    %number = {67},
    author = {Sellés Dauder, {J.F.}},
    year = {1998},
}

@book{selles_dauder_habitos_1998-1,
    series = {Cuadernos de Anuario Filosófico},
    title = {Hábitos y virtud {II.}, Naturaleza de los hábitos y de la virtud},
    %url = {http://dspace.unav.es/dspace/bitstream/10171/6002/1/66.pdf},
    %number = {66},
    author = {Sellés Dauder, {J.F.}},
    year = {1998},
}

@book{selles_dauder_habitos_1998-2,
    series = {Cuadernos de Anuario Filosófico},
    title = {Hábitos y virtud I. Un repaso histórico},
    %url = {http://dspace.unav.es/dspace/bitstream/10171/6001/1/65.pdf},
    %number = {65},
    author = {Sellés Dauder, {J.F.}},
    year = {1998},
}

@book{westberg_right_1994,
    title = {Right Practical Reason: Aristotle, Action, and Prudence in Aquinas},
    isbn = {0198267312},
    shorttitle = {Right Practical Reason},
    publisher = {Oxford University Press, {USA}},
    author = {Westberg, Daniel},
    month = sep,
    year = {1994},
}

@book{pasnau_t_thomas_aquinas,
    title = {Thomas Aquinas on Human Nature: A Philosophical Study of Summa Theologiae, 1a 75-89},
    %isbn = {0521001897},
    shorttitle = {Thomas Aquinas on Human Nature},
    abstract = {This is a major new study of Thomas Aquinas, the most influential philosopher of the Middle Ages. The book offers a clear and accessible guide to the central project of Aquinas's philosophy: the understanding of human nature. Robert Pasnau sets the philosophy in the context of ancient and modern thought, and argues for some groundbreaking proposals for understanding some of the most difficult areas of Aquinas's thought: the relationship of soul to body, the workings of sense and intellect, the will and the passions, and personal identity.},
    %language = {en},
    publisher = {Cambridge University Press},
    author = {Pasnau, Robert},
    year = {2002},
    keywords = {Philosophy / Criticism, Philosophy / History \& Surveys / General, Philosophy /  Medieval, Philosophy / Religious}
}

@Book{kant:KRV,
  title = {Critique of Pure Reason},
  author = {Immanuel Kant},
  year = {1998},
  publisher = {Cambridge},
  editor = {Paul Guyer and Allen W. Wood},
  translator = {Paul Guyer and Allen W. Wood}
}

@book{marechal:cahier05,
  title     = {Le point de départ de la métaphysique. Cahier V},
  subtitle  = {le Thomisme devant la Philosophie critique},
  author    = {Joseph Maréchal},
  location  = {Paris},
  publisher = {Desclée},
  year      = {1959},
}

@book{lotz:esperienza,
  title      = {Esperienza trascendentale},
  origtitle  = {Traszendentale Erfahrung},
  author     = {Johannes Baptist Lotz},
  location   = {Milan},
  publisher  = {Vita e pensiero},
  editor     = {Massimo Marassi},
  translator = {Massimo Marassi},
  year       = {1993},
}

@book{scotus:quodlibet,
  keywords  = {primary},
  title     = {Quaestiones quodlibetales},
  author    = {{Duns Scotus}},
  series    = {Opera Omnia (Wadding)},
  volume    = {25--26},
  publisher = {Vivès},
  location  = {Paris},
  year      = {1891},
}

@book{companion:scotus,
  keywords    = {encyclopedia},
  editor      = {Thomas Williams},
  title       = {The Cambridge Companion to Duns Scotus},
  publisher   = {Cambridge University},
  year        = {2003},
}

@book{geiger:participation,
  keywords    = {direct},
  title       = {La participation dans la philosophie de S. Thomas d'Aquin},
  shorttitle  = {La participation~\ldots},
  author      = {Louis-Bertrand Geiger},
  publisher   = {Vrin},
  location    = {Paris},
  edition     = {2},
  year        = {1953},
}

@book{copleston:history:01,
  keywords    = {encyclopedia},
  author      = {Frederick Copleston},
  title       = {History of Philosophy},
  shorttitle  = {History of Philosophy\emph{, vol. 1}},
  subtitle    = {Greece and Rome},
  volume      = {1},
  publisher   = {Newman},
  location    = {Westminster (Maryland)},
  year        = {1946},
}

@book{copleston:history:02,
  keywords    = {encyclopedia},
  author      = {Frederick Copleston},
  title       = {History of Philosophy},
  shorttitle  = {History of Philosophy\emph{, vol. 2}},
  subtitle    = {Augustine to Scotus},
  volume      = {2},
  publisher   = {Newman},
  location    = {Westminster (Maryland)},
  year        = {1950},
}

@book{copleston:history:03,
  keywords    = {encyclopedia},
  author      = {Frederick Copleston},
  title       = {History of Philosophy},
  shorttitle  = {History of Philosophy\emph{, vol. 3}},
  subtitle    = {Ockham to Suárez},
  volume      = {3},
  publisher   = {Newman},
  location    = {Westminster (Maryland)},
  year        = {1953},
}


@book{copleston:history:09,
  keywords    = {encyclopedia},
  author      = {Frederick Copleston},
  title       = {History of Philosophy},
  shorttitle  = {History of Philosophy\emph{, vol. 9}},
  subtitle    = {Maine de Biran to Sartre},
  volume      = {9},
  publisher   = {Newman},
  location    = {Westminster (Maryland)},
  year        = {1974},
}

@book{hume:treatise,
  location  = {Harmondsworth (England)},
  title     = {A Treatise of Human Nature},
  %isbn     = {0140432442 9780140432442},
  publisher = {Penguin},
  author    = {Hume, David},
  editor    = {Mossner, Ernest Campbell},
  year      = {1984},
}

@book{cajetan:commentaries,
  keywords    = {primary},
  title       = {Commentaria Thomae de Vio Caietani Ordinis Praedicatorum},
  subtitle    = {pars prima Summae Theologiae a quaestione I ad quaestionem XLIX},
  series      = {Opera omnia iussu Leonis XIII},
  author      = {{Thomas de Vio (Cajetan)}},
  shortauthor = {Cajetan},
  publisher   = {Typographia Polyglotta},
  location    = {Rome},
  year        = {1888},
  volume      = {4},
}

@book{cajetan:denominum,
  keywords    = {primary},
  title       = {De nominum analogia},
  author      = {{Thomas de Vio (Cajetan)}},
  series      = {Scripta philosophica},
  shortauthor = {Cajetan},
  publisher   = {Angelicum},
  location    = {Rome},
  year        = {1934},
  volume      = {3},
}

@book{blondel:action,
  keywords   = {primary},
  title      = {L'Action (1893)},
  subtitle   = {Essai d'une critique de la vie et d'une
                science de la pratique},
  shorttitle = {L'Action},
  publisher  = {Presses Universitaires de France},
  location   = {Paris},
  author     = {Blondel, Maurice},
  year       = {1950},
}

@book{blondel:etre,
  keywords   = {primary},
  title      = {L'être et les êtres},
  subtitle   = {Essai d'ontologie concrète et intégrale},
  publisher  = {F. Alcan},
  location   = {Paris},
  author     = {Blondel, Maurice},
  year       = {1935},
}

@book{heidegger:being,
  title      = {Sein und Zeit},
  author     = {Martin Heidegger},
  publisher  = {Neomarius Verlag},
  location   = {Tübingen},
  edition    = {7},
  year       = {1953},
}

@book{heidegger:being:en,
  title      = {Being and Time},
  author     = {Martin Heidegger},
  translator = {John Macquarrie and Edward Robinson},
  publisher  = {Basil Blackwell},
  location   = {Oxford},
  year       = {1962},
}

@book{sartre:etre-et-neant,
  title      = {L'être et le néant},
  subtitle   = {Essai d'ontologie phénoménologique},
  author     = {Jean-Paul Sartre},
  publisher  = {Gallimard},
  location   = {Paris},
  year       = {1943},
}

@book{kramer:platone,
  title      = {Platone e i fondamenti della metafisica},
  subtitle   = {Saggio sulla teoria dei principi e sulle dottrine
                non scritte di Platone},
  shorttitle = {Per una nuova \ldots},
  author     = {Hans Joachim Krämer},
  translator = {Giovanni Reale},
  publisher  = {Vita e Pensiero},
  location   = {Milan},
  year       = {2001},
  edition    = {6},
}

@book{reale:nuova,
  title      = {Per una nuova interpretazione di Platone},
  shorttitle = {Per una nuova interpretazione \ldots},
  author     = {Giovanni Reale},
  publisher  = {Vita e Pensiero},
  location   = {Bompiani},
  year       = {2010},
}

@book{clarke:person,
  title      = {Person and Being},
  author     = {Clarke, William Norris},
  location   = {Milwaukee},
  publisher  = {Marquette University},
  year       = {1993},
}


@article{clarke:person-being,
  keywords   = {direct},
  title      = {Person, Being, and St.~Thomas},
  author     = {Clarke, William Norris},
  journal    = {Communio},
  volume     = {19},
  pages      = {601--618},
  year       = {1992},
}

@incollection{clarke:action,
  keywords  = {direct},
  location  = {South Bend (Indiana)},
  title     = {Action as the Self-Revelation of Being},
  subtitle  = {A Central Theme in the Thought of St. Thomas},
  booktitle = {\emph{\textsc{Id.},} Explorations in Metaphysics,
               Being---God---Person},
  publisher = {University of Notre Dame},
  author    = {Clarke, William Norris},
  year      = {1994},
}


@article{clarke:thomism,
    title      = {Thomism and Contemporary Philosophical Pluralism},
    journal    = {Modern Schoolman},
    author     = {Clarke, William Norris},
    volume     = {67},
    pages      = {123--139},
    year       = {1990},
}

@book{fabro:dallessere,
    keywords  = {direct},
    location  = {Brescia},
    title     = {Dall'essere all'esistente},
    publisher = {Morcelliana},
    author    = {Fabro, Cornelio},
    edition   = {2},
    year      = {1965}
}

@article{fabro:obscurcissement,
    keywords   = {direct},
    title      = {L'obscurcissement de l'`esse’ dans l'école thomiste},
    volume     = {58},
    shorttitle = {L'obscurcissement de l'`esse’},
    journal    = {Revue Thomiste},
    author     = {Fabro, Cornelio},
    year       = {1958},
    pages      = {443--472}
}

@book{fabro:participation,
    keywords   = {direct},
    location   = {Louvain--Paris},
    title      = {Participation et causalité selon S.~Thomas {d'Aquin}},
    shorttitle = {Participation et causalité},
    publisher  = {Publications universitaires de Louvain--Éditions
                  Béatrice Nauwelaerts},
    author     = {Fabro, Cornelio},
    year       = {1961}
}

@incollection{fabro:determinazione,
    keywords   = {direct},
    location   = {Rome},
    title      = {La determinazione dell'atto nella metafisica tomista.},
    shorttitle = {La determinazione dell'atto},
    booktitle  = {\emph{\textsc{Id.},} Esegesi tomista},
    publisher  = {Pontificia Università Lateranense},
    author     = {Fabro, Cornelio},
    year       = {1969},
    pages      = {329--350}
}

@incollection{fabro:problematica,
  keywords  = {direct},
  location  = {Roma},
  title     = {La problematica dello \enquote{esse} tomistico},
  booktitle = {\emph{\textsc{Id.},} Tomismo e pensiero moderno},
  publisher = {Pontificia Università Lateranense},
  author    = {Fabro, Cornelio},
  year      = {1969},
  pages     = {103--133},
}

@article{fabro:intensive,
  keywords = {direct},
  title    = {The Intensive Hermeneutics of Thomistic Philosophy},
  subtitle = {The Notion of Participation},
  volume   = {27},
  journal  = {The Review of Metaphysics},
  author   = {Fabro, Cornelio},
  year     = {1974},
  pages    = {449--491},
}

@incollection{fabro:emergenza-atto,
  keywords   = {direct},
  location   = {Palermo},
  title      = {L'emergenza dell'atto di essere in S.\ Tommaso e la
               rottura del formalismo scolastico},
  shorttitle = {L'emergenza dell’atto di essere},
  booktitle  = {\emph{\textsc{G. Barone---A. Musco} (Coords.),}
                Il concetto di {`Sapientia'} in san Bonaventura e san Tommaso.
                Testi della I Settimana residenziale di studi medievali, Carini,
                Villa Belvedere, ottobre 1981},
  publisher  = {Officina di Studi Medievali},
  author     = {Fabro, Cornelio},
  year       = {1983},
  pages      = {33--54},
}

@incollection{fabro:emergenza-esse,
  keywords   = {direct},
  location   = {Roma},
  title      = {L'emergenza dello \emph{esse} tomistico sull'atto aristotelico:
                breve prologo. L'origine trascendentale del problema},
  shorttitle = {L'emergenza dello \emph{esse}},
  booktitle  = {Atti del colloquio internazionale su l'atto aristotelico e
                le sue ermeneutiche, Laterano, 17-18-19 gennaio 1989},
  publisher  = {Herder},
  author     = {Fabro, Cornelio},
  year       = {1990},
  pages      = {149--177},
}

@book{fabro:partecipazione,
  keywords  = {direct},
  title     = {Partecipazione e causalità},
  publisher = {Editrice del Verbo Incarnato},
  location  = {Segni},
  author    = {Fabro, Cornelio},
  year      = {2010},
}

@book{fabro:nozione,
  keywords   = {direct},
  title      = {La Nozione Metafisica di Partecipazione Secondo
                San Tommaso d'Aquino},
  shorttitle = {La Nozione Metafisica~\ldots},
  publisher  = {Editrice del Verbo Incarnato},
  location   = {Segni},
  edition    = 3,
  author     = {Fabro, Cornelio},
  year       = {2005},
}

@book{definance:essai,
  keywords    = {direct},
  title       = {Essai sur l'agir humain},
  publisher   = {Presses de {l'Université} Grégorienne},
  author      = {de Finance, Joseph},
  shortauthor = {{de Finance}},
  year        = {1962},
}

@book{definance:etre-et-agir,
  keywords   = {direct},
  title       = {Être et agir dans la philosophie de Saint Thomas},
  shorttitle  = {Être et agir~\ldots},
  publisher   = {Presses de {l'Université} Grégorienne},
  author      = {de Finance, Joseph},
  shortauthor = {{de Finance}},
  year        = {1965},
}

@Book{definance:connaissance,
  keywords    = {direct},
  title       = {Connaissance de l'être},
  author      = {Joseph de Finance},
  shortauthor = {{de Finance}},
  publisher   = {Desclée},
  location    = {Paris},
  year        = {1966},
}

@book{definance:ethique,
  title       = {Éthique générale},
  publisher   = {Presses de {l'Université} Grégorienne},
  author      = {de Finance, Joseph},
  shortauthor = {{de Finance}},
  year        = {1967},
}

@article{gilson:virtus,
  keywords = {direct},
  title    = {Virtus essendi},
  volume   = {26},
  journal  = {Mediaeval Studies},
  author   = {Gilson, Étienne},
  year     = {1964},
  pages    = {1--11},
}


@article{gilson:cajetan,
  keywords = {direct},
  title    = {Cajétan et l'existence},
  volume   = {15},
  journal  = {Tijdschrift voor Philosophie},
  author   = {Gilson, Étienne},
  year     = {1953},
  pages    = {267--286},
}

@book{gilson:history,
  keywords  = {encyclopedia},
  title     = {History of Christian Philosophy in the Middle Ages},
  author    = {Gilson, Étienne},
  publisher = {Sheed and Ward},
  locatoin  = {London},
  year      = {1980},
  edition   = {2},
}

@book{gilson:letre,
  keywords  = {direct},
  title     = {L’Être et l’essence},
  author    = {Gilson, Étienne},
  publisher = {Vrin},
  locatoin  = {Paris},
  year      = {1972},
  edition   = {3},
}

@book{gilson:thomisme,
  keywords  = {direct},
  title     = {Le Thomisme},
  location  = {Paris},
  publisher = {Vrin},
  author    = {Gilson, Étienne},
  year      = {1986},
  edition   = {6},
}

@article{izquierdo:vita,
  title      = {La vita che si apre all'agire},
  subtitle   = {Il potenziale operativo dell'uomo},
  volume     = {8},
  journal    = {Alpha Omega},
  author     = {José Antonio Izquierdo},
  year       = {2005},
  pages      = {199--230; 369--388},
}

@book{millan-puelles:libre,
  location   = {Madrid},
  title      = {La libre afirmación de nuestro ser},
  shorttitle = {La libre afirmación~\ldots},
  subtitle   = {Una fundamentación de la ética realista},
  publisher  = {Rialp},
  author     = {Millán-Puelles, Antonio},
  year       = {1994},
}

@article{orourke:virtus,
  keywords = {direct},
  title    = {Virtus Essendi},
  subtitle = {Intensive Being in Pseudo-Dionysius and Aquinas},
  volume   = {15},
  journal  = {Dionysius},
  author   = {{O'Rourke}, Fran},
  year     = {1991},
  pages    = {55--78},
}

@book{orourke:pseudo-dionysius,
  keywords   = {direct},
  location   = {Leiden},
  title      = {Pseudo-Dionysius and the Metaphysics of Aquinas},
  shorttitle = {Pseudo-Dionysius~\ldots},
  publisher  = {Brill},
  author     = {{O'Rourke}, Fran},
  year       = {1992},
}

@article{patfoort:unite,
  title      = {L'unité de la I\textsuperscript{a} Pars et le mouvement
                interne de la Somme théologique de S.\ Thomas {d'Aquin}},
  volume     = {4},
  shorttitle = {L'unité de la I\textsuperscript{a} Pars},
  journal    = {Revue des Sciences philosophiques et théologiques},
  author     = {Patfoort, Albert},
  year       = {1963},
  pages      = {513--544},
}

@bookinbook{boethius:categories,
  keywords  = {primary},
  author    = {Boethius},
  title     = {In Categorias Aristotelis Libri Quatuor},
  shorthand = {In Categorias},
  booktitle = {Patrologia Latina},
  publisher = {Migne},
  location  = {Paris},
  year      = {1891},
  volume    = {64},
  pages     = {159--294C},
}

@bookinbook{boethius:dehebodmadibus,
  keywords  = {primary},
  author    = {Boethius},
  title     = {Quomodo Substantiae in eo quod sint bonae sint cum non
               sint substantialia bona},
  shorthand = {De hebdomadibus},
  author    = {Boethius},
  booktitle = {Patrologia Latina},
  publisher = {Migne},
  location  = {Paris},
  year      = {1891},
  volume    = {64},
  pages     = {1311--1314C},
}


@Book{st:depotentia,
  keywords  = {primary},
  author    = {{Thomas Aquinas}},
  booktitle = {Quaestiones disputatae},
  volume    = 2,
  title     = {Quaestiones disputatae de potentia},
  shorthand = {De pot.},
  editor    = {P. M. Pession},
  edition   = {10},
  publisher = {Marietti},
  location  = {Turin},
  year      = {1965},
}

@Book{st:post-anal,
  keywords    = {primary},
  title       = {Expositio libri Posteriorum},
  series      = {Opera omnia iussu Leonis XIII},
  shorthand   = {Super Post. An.},
  author      = {{Thomas Aquinas}},
  publisher   = {Vrin},
  location    = {Paris},
  year        = {1989},
  edition     = {2},
  volume      = {1/2},
}

@Book{st:deprincipiis,
  keywords    = {primary},
  title       = {De principiis naturae},
  series      = {Opera omnia iussu Leonis XIII},
  shorthand   = {De Prin. Nat.},
  author      = {{Thomas Aquinas}},
  publisher   = {Editori di San Tommaso},
  location    = {Rome},
  year        = {1976},
  volume      = {43},
}


@Book{st:divnomin,
  keywords    = {primary},
  title       = {In librum Beati Dionysii De divinis nominibus expositio},
  shorthand   = {In De div. nom.},
  author      = {{Thomas Aquinas}},
  editor      = {C. Pera and P. Caramello and C. Mazzantini},
  publisher   = {Marietti},
  location    = {Turin},
  year        = {1950},

}

@Book{st:detrinitate,
  keywords  = {primary},
  title     = {Super Boetium De Trinitate},
  shorthand = {In Boeth. De Trin.},
  series    = {Opera omnia iussu Leonis XIII},
  author    = {{Thomas Aquinas}},
  publisher = {Commissio Leonina},
  location  = {Rome},
  year      = {1992},
  edition   = {1},
  volume    = {50},
  pages     = {1--230},
}

@Book{st:dehebdo,
  keywords  = {primary},
  title     = {Expositio libri Boetii De ebdomadibus},
  shorthand = {Super De hebd.},
  series    = {Opera omnia iussu Leonis XIII},
  author    = {{Thomas Aquinas}},
  publisher = {Commissio Leonina},
  location  = {Rome},
  year      = {1992},
  edition   = {1},
  volume    = {50},
  pages     = {231--297},
}


@Book{st:deveritate,
  keywords  = {primary},
  title     = {Quaestiones disputatae de veritate},
  series    = {Opera omnia iussu Leonis XIII},
  shorthand = {De verit.},
  author    = {{Thomas Aquinas}},
  publisher = {Sancta Sabina},
  location  = {Rome},
  year      = {1970},
  volume    = {22},
}

@Book{st:decausis,
  keywords  = {primary},
  title     = {Super librum De Causis expositio},
  shorthand = {De Causis},
  editor    = {H. D. Saffrey},
  author    = {{Thomas Aquinas}},
  publisher = {Société Philosophique-Nauwelaerts},
  location  = {Fribourg},
  year      = {1954},
}

@Book{st:contragent,
  keywords  = {primary},
  title     = {Summa contra gentiles},
  shorthand = {Contra Gent.},
  author    = {{Thomas Aquinas}},
  publisher = {Marietti},
  location  = {Turin},
  year      = {1961},
  volume    = {2--3},
  editor    = {Pera, C. and Marc, P. and Caramello, P.},
}

@Book{st:metaph,
  keywords  = {primary},
  title     = {In duodecim libros Metaphysicorum Aristotelis expositio},
  shorthand = {In Metaph.},
  author    = {{Thomas Aquinas}},
  publisher = {Marietti},
  location  = {Turin},
  year      = {1971},
  edition   = {2},
  editor    = {R. Cathala and R. M. Spiazzi},
}

@Book{st:ethics,
  keywords    = {primary},
  title       = {Sententia libri Ethicorum},
  series      = {Opera omnia iussu Leonis XIII},
  shorthand   = {Sent. Ethic.},
  author      = {{Thomas Aquinas}},
  publisher   = {Sancta Sabina},
  location    = {Rome},
  year        = {1969},
  volume      = {47},
}



@Book{st:phys,
  keywords    = {primary},
  title       = {Commentaria in octo libros Physicorum Aristotelis},
  series      = {Opera omnia iussu Leonis XIII},
  shorthand   = {Super Phys.},
  author      = {{Thomas Aquinas}},
  publisher   = {Typographia Polyglotta},
  location    = {Rome},
  year        = {1884},
  volume      = {2},
}

@Book{st:sent,
  keywords    = {primary},
  title       = {Scriptum super libros Sententiarum magistri
                 Petri Lombardi episcopi Parisiensis},
  shorthand   = {Super Sent.},
  author      = {{Thomas Aquinas}},
  publisher   = {P. Lethielleux},
  location    = {Paris},
  year        = {1929--1929--1956--1947},
  volume      = {1--4},
  editor      = {P. Mandonnet and M. F. Moos},
}

@Book{st:superio,
  keywords  = {primary},
  title     = {Super Evangelium S. Ioannis lectura},
  shorthand = {Super Io.},
  author    = {{Thomas Aquinas}},
  editor    = {R. Cai},
  edition   = {6},
  publisher = {Marietti},
  location  = {Turin},
  year      = {1972},
}

@Book{st:summa,
  keywords  = {primary},
  series    = {Opera omnia iussu Leonis XIII},
  title     = {Summa theologiae},
  shorthand = {S.Th.},
  author    = {{Thomas Aquinas}},
  publisher = {Typographia Polyglotta},
  location  = {Rome},
  year      = {1888--1889--1891--1892--1895--1897--1899--1903--1906},
  volume    = {4--12},
}

@Book{st:deente,
  keywords    = {primary},
  title       = {De ente et essentia},
  shorttitle  = {De ente},
  series      = {Opera omnia iussu Leonis XIII},
  author      = {{Thomas Aquinas}},
  publisher   = {Editori di San Tommaso},
  location    = {Rome},
  year        = {1976},
  volume      = {43},
  pages       = {315--381},
}

@book{st:substantiis,
  keywords    = {primary},
  title       = {De substantiis separatis},
  shorthand   = {De subst. sep.},
  series      = {Opera omnia iussu Leonis XIII},
  author      = {{Thomas Aquinas}},
  publisher   = {Sancta Sabina},
  location    = {Rome},
  year        = {1968},
  volume      = {40},
}

@book{st:spiritualibus,
  keywords    = {primary},
  title       = {Quaestio disputata de spiritualibus creaturis},
  shorthand   = {De spirit. creat.},
  series      = {Opera omnia iussu Leonis XIII},
  author      = {{Thomas Aquinas}},
  publisher   = {Commissio Leonina},
  location    = {Rome},
  year        = {2000},
  volume      = {24/2},
}



@book{st:compendium,
  keywords    = {primary},
  title       = {Compendium theologiae seu Brevis compilatio theologiae ad
                 fratrem Raynaldum},
  shorthand   = {Compendium},
  series      = {Opera omnia iussu Leonis XIII},
  author      = {{Thomas Aquinas}},
  publisher   = {Editori di San Tommaso},
  location    = {Rome},
  year        = {1979},
  volume      = {42},
  pages       = {5--205},
}

@article{villagrasa:gestalt,
  keywords   = {direct},
  title      = {La Gestalt metafisica di Tommaso
                d'Aquino secondo Cornelio Fabro},
  shorttitle = {La Gestalt metafisica~\ldots},
  volume     = {14},
  journal    = {Alpha Omega},
  author     = {Jesús Villagrasa},
  year       = {2011},
  pages      = {407--418},
}

@article{villagrasa:resolutio,
  keywords   = {direct},
  title      = {La resolutio come metodo della metafisica
                secondo Cornelio Fabro},
  shorttitle = {La resolutio~\ldots},
  volume     = {4},
  journal    = {Alpha Omega},
  author     = {Jesús Villagrasa},
  year       = {2001},
  pages      = {35--66},
}

@book{mitchell:being,
  keywords  = {direct},
  author    = {Jason Mitchell},
  title     = {Being and Participation},
  subtitle  = {The Method and Structure of Metaphysical Reflection according
               to Cornelio Fabro \emph{(doctoral dissertation)}},
  publisher = {Città Nuova},
  location  = {Rome},
  year      = {2012},
}


@incollection{mitchell:resolutio-secundum-rem,
  keywords   = {direct},
  booktitle  = {Proceedings Metaphysics 2009},
  title      = {\emph{Resolutio secundum rem}, the Dionysian \emph{triplex via}
                and Thomistic Philosophical Theology},
  shorttitle = {Resolutio secundum rem~\ldots (seconda)},
  author     = {Jason Mitchell},
  pages      = {398‐-406},
}

@article{mitchell:resolutio,
  keywords   = {direct},
  title      = {The Method of Resolutio and the
                Structure of the Five Ways },
  shorttitle = {The Method of Resolutio~\ldots},
  volume     = {15},
  journal    = {Alpha Omega},
  author     = {Jason Mitchell},
  year       = {2012},
  pages      = {339--380},
}

@article{mitchell:four,
  keywords   = {direct},
  title      = {From Aristotle's Four Causes to
                Aquinas' Ultimate Causes of Being:
                Modern Interpretations },
  shorttitle = {From Aristotle's Four Causes~\ldots},
  volume     = {16},
  journal    = {Alpha Omega},
  author     = {Jason Mitchell},
  year       = {2013},
  pages      = {399--414},
}

@article{mitchell:transcendentals,
  keywords   = {direct},
  title      = {Aquinas on the Ontological and Theological Foundation
                of the Transcendentals},
  shorttitle = {Aquinas on the Ontological~\ldots},
  volume     = {16},
  journal    = {Alpha Omega},
  author     = {Jason Mitchell},
  year       = {2013},
  pages      = {39--78},
}

@article{contat:etant,
  keywords   = {direct},
  title      = {L'Étant, l'\emph{esse} et la participation selon Fornelio Fabro},
  shorttitle = {L'Étant, l'\emph{esse} et la participation~\ldots},
  volume     = {111},
  pages      = {357--403},
  journal    = {Revue Thomiste},
  author     = {Alain Contat},
  year       = {2011},
}

@incollection{contat:quarta-via,
  keywords   = {direct},
  title      = {La quarta via di san Tommaso d'Aquino e le prove di Dio di
                sant'Anselmo di Aosta secondo le tre configurazioni dell'ente
                tomistico},
  booktitle  = {Sant'Anselmo D'Aosta \enquote{Doctor Magnificus}},
  editor     = {Carmelo Pandolfi and Jesús Villagrasa},
  author     = {Alain Contat},
  year       = {2011},
  publisher  = {IF Press},
  location   = {Rome},
  pages      = {103--174},
}


@article{contat:esse-essentia-ordo,
  keywords   = {direct},
  title      = {\emph{Esse}, \emph{essentia}, \emph{ordo}},
  subtitle   = {verso una metafisica della partecipazione operativa},
  volume     = {61},
  journal    = {Espíritu},
  author     = {Alain Contat},
  year       = {2012},
  pages      = {9--71},
}

@article{contat:figure,
  keywords   = {direct},
  title      = {Le figure della differenza ontologica nel tomismo
                del Novecento},
  shorttitle = {Le figure~\ldots},
  volume     = {11},
  journal    = {Alpha Omega},
  author     = {Alain Contat},
  year       = {2008},
  pages      = {77--129; 213--250},
}

%@article{contat:figure:2,
%  keywords   = {direct},
%  title      = {Le figure della differenza ontologica nel tomismo del Novecento
%                (seconda parte)},
%  shorttitle = {Le figure della~\ldots (seconda)},
%  volume     = {11},
%  journal    = {Alpha Omega},
%  author     = {Alain Contat},
%  year       = {2008},
%  pages      = {213--250},
%}

@article{contat:confronto,
  keywords   = {direct},
  title      = {Il confronto con Heidegger nel tomismo contemporaneo},
  shorttitle = {Il confronto con Heidegger~\ldots},
  volume     = {14},
  journal    = {Alpha Omega},
  author     = {Alain Contat},
  year       = {2011},
  pages      = {195--266},
}

@book{aristotle:categories,
  keywords  = {primary},
  title     = {Categoriae},
  shorthand = {Categories},
  booktitle = {Categoriae et Liber de interpretatione},
  publisher = {Oxford University},
  editor    = {L. Minio-Paluello},
  author    = {Aristotle},
  year      = {1949},
}

@book{aristotle:decaelo,
  keywords  = {primary},
  title     = {De caelo libri quattuor},
  shorthand = {De caelo},
  publisher = {Oxford University},
  editor    = {D. J. Allan},
  author    = {Aristotle},
  year      = {1961},
}

@bookinbook{aristotle:topics,
  keywords  = {primary},
  title     = {Topica},
  shorthand = {Topics},
  booktitle = {Topica et Sophistici elenchi},
  bookauthor = {Aristotle},
  publisher = {Oxford University},
  editor    = {Ross, W. D.},
  author    = {Aristotle},
  year      = {1958},
}

@book{aristotle:metaphysics,
  keywords  = {primary},
  title     = {Metaphysica},
  shorthand = {Metaphysics},
  publisher = {Oxford University},
  author    = {Aristotle},
  editor    = {Jaeger, W.},
  year      = {1957},
}

@book{aristotle:physics,
  keywords  = {primary},
  title     = {Physica},
  shorthand = {Physics},
  publisher = {Oxford University},
  author    = {Aristotle},
  editor    = {Ross, W. D.},
  year      = {1956},
  edition   = {2},
}

@book{aristotle:ethics,
  keywords  = {primary},
  title     = {Ethica Nicomachea},
  shorthand = {Ethics},
  publisher = {Oxford University},
  author    = {Aristotle},
  editor    = {Bywater, I.},
  year      = {1894},
}

@book{aristotle:deanima,
  keywords  = {primary},
  title     = {De anima},
  shorthand = {De anima},
  publisher = {Oxford},
  author    = {Aristotle},
  editor    = {??},
  year      = {??},
}

@book{aristotle:metaphysics:en,
  keywords  = {primary},
  shorthand = {Metaphysics, \emph{tr. \textsc{H. Tredennick}}},
  series = {Loeb Classical Library},
  title = {Metaphysics},
  volume = {17--18},
  location = {Cambridge},
  publisher = {Harvard University Press},
  author = {Aristotle},
  translator = {Tredennick, H.},
  year = {1933},
}

@book{aristotle:physics:en,
  keywords  = {primary},
  series = {Loeb Classical Library},
  title = {Physics},
  volume = {4--5},
  location = {Cambridge},
  publisher = {Harvard University Press},
  author = {Aristotle},
  translator = {Wicksteed, P. H., and F. M. Cornford},
  year = {1934},
}

@book{aristotle:ethics:en,
  keywords  = {primary},
  series = {Loeb Classical Library},
  title = {Nicomachean Ethics},
  volume = {19},
  location = {Cambridge},
  publisher = {Harvard University Press},
  author = {Aristotle},
  translator = {Rackham, H.},
  year = {1926},
}

@book{aristotle:deanima:,
  keywords  = {primary},
  series = {Loeb Classical Library},
  title = {De Anima},
  volume = {8},
  location = {Cambridge},
  publisher = {Harvard University Press},
  author = {Aristotle},
  translator = {Hett, W. S.},
  year = {1957},
}

@Book{wippel:metaphysical_thought,
  keywords   = {direct},
  title      = {The Metaphysical Thought of Thomas Aquinas},
  shorttitle = {The Metaphysical Thought~\ldots},
  author     = {John F. Wippel},
  publisher  = {Catholic University of America},
  location   = {Washington},
  year       = {2000},
}

@Book{wippel:metaphysical_themes_1,
  keywords   = {direct},
  title      = {Metaphysical Themes in Thomas Aquinas},
  shorttitle = {Metaphysical Themes I},
  author     = {John F. Wippel},
  series     = {Studies in Philosophy and the History of Philosophy},
  volume     = {10},
  year       = {1984},
}

@Book{wippel:metaphysical_themes_2,
  keywords   = {direct},
  title      = {Metaphysical Themes in Thomas Aquinas II},
  shorttitle = {Metaphysical Themes II},
  author     = {John F. Wippel},
  series     = {Studies in Philosophy and the History of Philosophy},
  volume     = {47},
  year       = {2007},
}

@collection{dykinson:proceedings,
  keywords   = {direct},
  title      = {Proceedings Metaphysics 2009},
  year       = {2011},
  publisher  = {Dykinson},
  location   = {Madrid},
  options    = {skipbib=true},
}

@Book{aertsen:transcendentals,
  keywords   = {direct},
  title      = {Medieval Philosophy and the Transcendentals},
  author     = {Jan Aertsen},
  publisher  = {E.J. Brill},
  location   = {Leiden},
  year       = {1996},
}

@Book{aertsen:thought,
  keywords   = {direct},
  title      = {Medieval Philosophy as Transcendental Thought},
  subtitle   = {From Philip the Chancellor (ca.~1225) to Francisco Suárez},
  shorttitle = {Medieval Philosophy~\ldots},
  author     = {J. Aertsen},
  publisher  = {E.J. Brill},
  location   = {Leiden},
  year       = {2012},
}

@article{stanford:pseudo-dionysius,
  keywords = {encyclopedia},
  title    = {Pseudo-Dionysius the Areopagite},
  journal  = {The Stanford Encyclopedia of Philosophy},
  author   = {Kevin Corrigan and L. Michael Harrington},
  editor   = {Edward N. Zalta},
  url      = {http://plato.stanford.edu/archives/fall2011/entries/pseudo-dionysius-areopagite/},
  urlyear  = {28-4-2014},
  year     = {Fall, 2011},
}

@article{stanford:henry-of-ghent,
  keywords = {encyclopedia},
  title    = {Henry of Ghent},
  journal  = {The Stanford Encyclopedia of Philosophy},
  author   = {Porro, Pasquale},
  editor   = {Edward N. Zalta},
  url      = {http://plato.stanford.edu/archives/fall2008/entries/henry-ghent/},
  urlyear  = {28-4-2014},
  year     = {Fall, 2008},
}

@article{stanford:binarium,
  keywords = {encyclopedia},
  author   = {Spade, Paul Vincent},
  title    = {Binarium Famosissimum},
  journal  = {The Stanford Encyclopedia of Philosophy},
  editor   = {Edward N. Zalta},
  url      = {http://plato.stanford.edu/archives/fall2008/entries/binarium/},
  urlyear  = {28-4-2014},
  year     = {Fall, 2008},
}


@Collection{pg:anthology,
  keywords  = {primary},
  booktitle = {Patrologia Graeca},
  publisher = {Migne},
  location  = {Paris},
  options   = {skipbib=true},
}

@bookinbook{pg:dionysius:DN,
  keywords    = {primary},
  booktitle   = {Patrologia Graeca},
  author      = {{Pseudo-Dionysius the Areopagite}},
  shortauthor = {{Pseudo-Dionysius}},
  sortname    = {{Pseudo-Dionysius the Areopagite}},
  title       = {De divinis nominibus},
  shorttitle  = {De divin.\ nom.},
  editor      = {Balthasar Cordier},
  volume      = {3},  
  year        = {1857},
}

@bookinbook{pg:dionysius:DN:en,
  keywords    = {primary},
  title       = {On Divine Names},
  booktitle   = {The Works of Dionysius the Areopagite},
  author      = {{Pseudo-Dionysius the Areopagite}},
  shortauthor = {{Pseudo-Dionysius}},
  sortname    = {{Pseudo-Dionysius the Areopagite}},
  translator  = {John H. Parker},
  publisher   = {Parker},
  location    = {London},
  year        = {1897},
}

@Book{plotinus:enneads,
  keywords   = {primary},
  title      = {Enneadi (testo greco a fronte)},
  shorthand  = {Enneads},
  author     = {Plotinus},
  editor     = {G. Faggin and R. Radice},
  tranlator  = {G. Faggin},
  publisher  = {Bompiani},
  location   = {Milan},
  year       = {2000},
}

@Book{plotinus:enneads:en,
  keywords   = {primary},
  title      = {The Six Enneads},
  author     = {Plotinus},
  translator = {Stephen MacKenna and B. S. Page},
}

@book{plato:republic,
  keywords   = {primary},
  title      = {La République},
  shorthand  = {Republic},
  author     = {Plato},
  editor     = {Émile Chambry},
  translator = {Émile Chambry},
  series     = {Oeuvres complètes},
  publisher  = {Belles Lettres},
  location   = {Paris},
  volume     = {6--7},
  year       = {1932--1931--1934},
}

@book{plato:timaeus,
  keywords   = {primary},
  title      = {Timée},
  shorthand  = {Timaeus},
  author     = {Plato},
  editor     = {Albert Rivaud},
  translator = {Albert Rivaud},
  series     = {Oeuvres complètes},
  publisher  = {Belles Lettres},
  location   = {Paris},
  volume     = {10},
  year       = {1925},
}

@book{plato:phaedo,
  keywords   = {primary},
  title      = {Phédon},
  shorthand  = {Phaedo},
  author     = {Plato},
  series     = {Oeuvres complètes},
  publisher  = {Belles Lettres},
  editor     = {Paul Vicaire},
  translator = {Paul Vicaire},
  location   = {Paris},
  volume     = {4/1},
  year       = {1983},
}

@book{plato:sophist,
  keywords   = {primary},
  title      = {Le Sophiste},
  shorttitle = {Sophist},
  author     = {Plato},
  editor     = {Auguste Diès},
  translator = {Auguste Diès},
  series     = {Oeuvres complètes},
  publisher  = {Belles Lettres},
  location   = {Paris},
  volume     = {8/3},
  year       = {1925},
}

@article{fpascual:plotinus,
  keywords = {direct},
  title    = {La concezione metafisica di Plotino},
  journal  = {Alpha Omega},
  author   = {Fernando Pascual},
  volume   = {9},
  %number  = {1},
  year     = {2006},
  pages    = {123--156},
}

@Collection{macdonald:being_and_goodness,
  keywords  = {direct},
  title     = {Being and Goodness: The Concept of the Good in
               Metaphysics and Philosophical Theology},
  publisher = {Cornell University},
  location  = {Ithaca (New York)},
  year      = {1990},
  editor    = {Scott MacDonald},
  options   = {skipbib=true},
}

@incollection{aertsen:good_as_transcendental,
  keywords   = {direct},
  title      = {Good as Transcendental and the Transcendence of the Good},
  shorttitle = {Good as Transcendental~\ldots},
  crossref   = {macdonald:being_and_goodness},
  author     = {J. Aertsen},
  pages      = {56--73},
}

@book{dk,
  keywords  = {primary},
  title     = {Die Fragmente der Vorsokratiker},
  editor    = {Hermann Diels and Walther Kranz},
  publisher = {Weidmann},
  location  = {Berlin},
  year      = {1974},
  edition   = {6},
}

@incollection{parmenides,
  keywords = {primary},
  title    = {Poem of Parmenides},
  crossref = {dk},
  author   = {Parmenides},
  options  = {skipbib=true},
}

@Book{brentano:several,
  keywords   = {direct},
  title      = {Sui molteplici significati dell'essere secondo Aristotle},
  origtitle  = {Von Der Mannigfachen Bedeutung Des Seienden Nach Aristoteles},
  author     = {Franz Brentano},
  editor     = {Giovanni Reale},
  translator = {Giovanni Reale},
  publisher  = {Vita e Pensiero},
  location   = {Milan},
  year       = {1995},
}

@Book{avicenna:metaphysics,
  keywords    = {primary},
  title       = {Liber de Philosophia Prima sive Scientia Divina},
  shorttitle  = {Metaphysics},
  subtitle    = {Édicion critique de la traduction latine médiévale},
  author      = {{Ibn Sīnā (Avicenna)}},
  shortauthor = {Avicenna},
  sortname    = {{Ibn Sina}},
  editor      = {S. {Van Riet}},
  location    = {Louvain},
  publisher   = {Peeters},
  year        = {1977},
}


@Book{avicenna:metaphysics:it,
  keywords    = {primary},
  title       = {Metafisica},
  author      = {{Ibn Sīnā (Avicenna)}},
  sortname    = {{Ibn Sina}},
  shortauthor = {Avicenna},
  translator  = {O. Lizzini and P. Porro},
  location    = {Milan},
  publisher   = {Bompiani},
  year        = {2002},
}

%@Book{st:summa:ia:1-49,
%  %title       = {Summa theologiae},
%  %booktitle   = {Opera omnia iussu Leonis XIII},
%  %subtitle    = {pars prima, a quaestione I ad quaestionem IL},
%  shorthand   = {S.Th.},
%  author      = {{Thomas Aquinas}},
%  shortauthor = {Aquinas},
%  publisher   = {Typographia Polyglotta},
%  location    = {Rome},
%  year        = {1888},
%  volume      = {4},
%  crossref    = {editio_leonina},
%}
%
%@Book{st:summa:ia:50-119,
%  %title       = {Summa theologiae},
%  %booktitle   = {Opera omnia iussu Leonis XIII},
%  %subtitle    = {pars prima, a quaestione L ad quaestionem CXIX},
%  shorthand  = {S.Th.},
%  author      = {{Thomas Aquinas}},
%  shortauthor = {Aquinas},
%  publisher   = {Typographia Polyglotta},
%  location    = {Rome},
%  year        = {1889},
%  volume      = {5},
%  crossref    = {editio_leonina},
%}
%
%
%@Book{st:summa:ia-iiae:1-70,
%  %title = {Summa theologiae},
%  %booktitle = {Opera omnia iussu Leonis XIII},
%  %subtitle = {prima secundae, a quaestione I ad quaestionem LXX},
%  shorthand = {S.Th.},
%  author = {{Thomas Aquinas}},
%  shortauthor = {Aquinas},
%  publisher   = {Typographia Polyglotta},
%  location    = {Rome},
%  year        = {1891},
%  volume      = {6},
%  crossref    = {editio_leonina},
%}
%
%@Book{st:summa:ia-iiae:71-114,
%  %title = {Summa theologiae},
%  %booktitle = {Opera omnia iussu Leonis XIII},
%  %subtitle = {prima secundae, a quaestione LXXI ad quaestionem CXIV},
%  shorthand = {S.Th.},
%  author = {{Thomas Aquinas}},
%  shortauthor = {Aquinas},
%  publisher      = {Typographia Polyglotta},
%  location      = {Rome},
%  year          = {1892},
%  edition = {1},
%  volume = {7},
%  crossref = {editio_leonina},
%}
%
%@Book{st:summa:iia-iiae:1-56,
%  %title = {Summa theologiae},
%  %booktitle = {Opera omnia iussu Leonis XIII},
%  %subtitle = {secunda secundae, a quaestione I ad quaestionem LVI},
%  shorthand = {S.Th.},
%  author = {{Thomas Aquinas}},
%  shortauthor = {Aquinas},
%  publisher      = {Typographia Polyglotta},
%  location      = {Rome},
%  year          = {1895},
%  edition = {1},
%  volume = {8},
%  crossref = {editio_leonina},
%}
%
%@Book{st:summa:iia-iiae:57-122,
%  %title = {Summa theologiae},
%  %booktitle = {Opera omnia iussu Leonis XIII},
%  %subtitle = {secunda secundae, a quaestione LVII ad quaestionem CXXII},
%  shorthand = {S.Th.},
%  author = {{Thomas Aquinas}},
%  shortauthor = {Aquinas},
%  publisher      = {Typographia Polyglotta},
%  location      = {Rome},
%  year          = {1897},
%  edition = {1},
%  volume = {9},
%  crossref = {editio_leonina},
%}
%
%@Book{st:summa:iia-iiae:123-189,
%  %title       = {Summa theologiae},
%  %booktitle   = {Opera omnia iussu Leonis XIII},
%  %subtitle    = {secunda secundae, a quaestione CXXIII ad quaestionem CLXXXIX},
%  shorthand   = {S.Th.},
%  author      = {{Thomas Aquinas}},
%  shortauthor = {Aquinas},
%  publisher   = {Typographia Polyglotta},
%  location    = {Rome},
%  year        = {1899},
%  edition     = {1},
%  volume      = {10},
%  crossref    = {editio_leonina},
%}
%
%@Book{st:summa:iiiae:1-59,
%  title       = {Summa theologiae},
%  %booktitle   = {Opera omnia iussu Leonis XIII},
%  %subtitle    = {tertia pars, a quaestione I ad quaestionem LIX},
%  shorthand   = {S.Th.},
%  author      = {{Thomas Aquinas}},
%  shortauthor = {Aquinas},
%  publisher   = {Typographia Polyglotta},
%  location    = {Rome},
%  year        = {1903},
%  edition     = {1},
%  volume      = {11},
%  crossref    = {editio_leonina},
%}
%
%@Book{st:summa:iiiae:60-90,
%  title       = {Summa theologiae},
%  %booktitle   = {Opera omnia iussu Leonis XIII},
%  %subtitle    = {tertia pars, a quaestione LX ad quaestionem XC},
%  shorthand   = {S.Th.},
%  author      = {{Thomas Aquinas}},
%  shortauthor = {Aquinas},
%  publisher   = {Typographia Polyglotta},
%  location    = {Rome},
%  year        = {1906},
%  edition     = {1},
%  volume      = {12},
%  crossref    = {editio_leonina},
%}
%
%@Book{st:deveritate:1-7,
%  title = {Quaestiones disputatae de veritate},
%  booktitle = {Opera omnia iussu Leonis XIII},
%  shorttitle = {De veritate},
%  author = {{Thomas Aquinas}},
%  shortauthor = {Aquinas},
%  publisher      = {Sancta Sabina},
%  location      = {Rome},
%  year          = {1970},
%  edition = {1},
%  volume = {22:1/2},
%  crossref = {editio_leonina},
%}
%
%@Book{st:deveritate:8-12,
%  title = {Quaestiones disputatae de veritate},
%  booktitle = {Opera omnia iussu Leonis XIII},
%  shorttitle = {De veritate},
%  author = {{Thomas Aquinas}},
%  shortauthor = {Aquinas},
%  publisher      = {Sancta Sabina},
%  location      = {Rome},
%  year          = {1970},
%  volume = {22:2/1},
%  crossref = {editio_leonina},
%}
%
%@Book{st:deveritate:13-20,
%  title = {Quaestiones disputatae de veritate},
%  booktitle = {Opera omnia iussu Leonis XIII},
%  shorttitle = {De veritate},
%  author = {{Thomas Aquinas}},
%  shortauthor = {Aquinas},
%  publisher      = {Sancta Sabina},
%  location      = {Rome},
%  year          = {1972},
%  volume = {22:2},
%  crossref = {editio_leonina},
%}
%
%@Book{st:deveritate:21-29,
%  title = {Quaestiones disputatae de veritate},
%  booktitle = {Opera omnia iussu Leonis XIII},
%  shorttitle = {De veritate},
%  author = {{Thomas Aquinas}},
%  shortauthor = {Aquinas},
%  publisher      = {Sancta Sabina},
%  location      = {Rome},
%  year          = {1973},
%  volume = {22:3/1},
%  crossref = {editio_leonina},
%}
%
%@Book{st:contragent:1-2,
%  title = {Summa contra gentiles},
%  shorttitle = {Summa contra gentiles},
%  author = {{Thomas Aquinas}},
%  shortauthor = {Aquinas},
%  publisher = {Marietti},
%  location  = {Turin},
%  year = {1961},
%  volume = {1},
%  editor = {Pera, C. and Marc, P. and Caramello, P.},
%}
%
%@Book{st:contragent:3,
%  title = {Summa contra gentiles},
%  shorttitle = {Summa contra gentiles},
%  author = {{Thomas Aquinas}},
%  shortauthor = {Aquinas},
%  publisher = {Marietti},
%  location  = {Turin},
%  year = {1961},
%  volume = {2},
%  editor = {Pera, C. and Marc, P. and Caramello, P.},
%}
%
%@Book{st:contragent:4,
%  title = {Summa contra gentiles},
%  shorttitle = {Summa contra gentiles},
%  author = {{Thomas Aquinas}},
%  shortauthor = {Aquinas},
%  publisher = {Marietti},
%  location  = {Turin},
%  year = {1961},
%  volume = {3},
%  editor = {Pera, C. and Marc, P. and Caramello, P.},
%}
%
%@Book{st:sent:1,
%  title       = {Scriptum super libros Sententiarum magistri Petri Lombardi episcopi Parisiensis},
%  shorttitle  = {Super Sent.},
%  author      = {{Thomas Aquinas}},
%  shortauthor = {Aquinas},
%  publisher   = {P. Lethielleux},
%  location    = {Paris},
%  year        = {1929},
%  volume      = {2},
%  editor      = {P. Mandonnet},
%}
%
%@Book{st:sent:2,
%  title       = {Scriptum super libros Sententiarum magistri Petri Lombardi episcopi Parisiensis},
%  shorttitle  = {Super Sent.},
%  author      = {{Thomas Aquinas}},
%  shortauthor = {Aquinas},
%  publisher   = {P. Lethielleux},
%  location    = {Paris},
%  year        = {1929},
%  volume      = {2},
%  editor      = {P. Mandonnet},
%}
%
%@inclassicalcollection{aristotle:metaphysics:1-9,
%    series = {Loeb Classical Library},
%    title = {Metaphysics},
%    booktitle = {Metaphysics I-IX},
%    volume = {17},
%    location = {Cambridge},
%    publisher = {Harvard University Press},
%    author = {Aristotle},
%    translator = {Tredennick, H.},
%    year = {1933},
%}
%
%@inclassicalcollection{aristotle:metaphysics:10-14,
%    series = {Loeb Classical Library},
%    title = {Metaphysics},
%    booktitle = {Metaphysics IX-XIV},
%    volume = {18},
%    location = {Cambridge},
%    publisher = {Harvard University Press},
%    author = {Aristotle},
%    translator = {Tredennick, H.},
%    year = {1933},
%}
%
%@inclassicalcollection{aristotle:physics:5-8,
%    series = {Loeb Classical Library},
%    title = {Physics},
%    booktitle = {Physics V-VIII},
%    volume = {5},
%    location = {Cambridge},
%    publisher = {Harvard University Press},
%    author = {Aristotle},
%    translator = {Wicksteed, P. H., and F. M. Cornford},
%    year = {1934},
%}
%
%@inclassicalcollection{aristotle:physics:1-4,
%    series = {Loeb Classical Library},
%    title = {Physics},
%    booktitle = {Physics I-IV},
%    volume = {4},
%    location = {Cambridge},
%    publisher = {Harvard University Press},
%    author = {Aristotle},
%    translator = {Wicksteed, P. H., and F. M. Cornford},
%    year = {1934},
%}
%
%@collection{aristotle:organon:01,
%    address = {Cambridge, Mass, London},
%    series = {Loeb Classical Library},
%    title = {Organon: the Categories, on Interpretation, Prior Analytics},
%    volume = {1},
%    location = {Cambridge},
%    publisher = {Harvard University Press},
%    author = {Aristotle},
%    translator = {Cooke, H.P. and Tredennick, H.},
%    year = {1938},
%}
%
%@collection{aristotle:organon:02,
%    series = {Loeb Classical Library},
%    title = {Organon: Posterior Analytics, Topica},
%    volume = {2},
%    location = {Cambridge},
%    publisher = {Harvard University Press},
%    author = {Aristotle},
%    translator = {Cooke, H.P. , Tredennick, H., and Forster, E. S.},
%    year = {1938},
%}
%
%@inclassicalcollection{aristotle:categories,
%    series = {Loeb Classical Library},
%    title = {Categories},
%    booktitle = {Organon: the Categories, on Interpretation, Prior Analytics},
%    volume = {1},
%    location = {Cambridge},
%    publisher = {Harvard University Press},
%    author = {Aristotle},
%    translator = {Cooke, H. P.},
%    year = {1938},
%}
%
%@inclassicalcollection{aristotle:topics,
%    series = {Loeb Classical Library},
%    title = {Topics},
%    booktitle = {Organon: Posterior Prior Analytics, Topica},
%    volume = {2},
%    location = {Cambridge},
%    publisher = {Harvard University Press},
%    author = {Aristotle},
%    translator = {Forster, E. S.},
%    year = {1938},
%}

%nicolosi:azione
%daros:apriori
%giorgini:ente
%couesnongle:mesure
%tourpe:difference
%robert:principe
%loux:aristotle
%wippel:thomas

@article{nicolosi:azione,
  title    = {L'azione como via alla trascendenza},
  subtitle = {Il processo di ritorno all'assoluto},
  author   = {Salvatore Nicolosi},
  journal  = {Sapienza},
  volume   = {50},
  year     = {1997},
  pages    = {257--283},
}

@article{daros:apriori,
  title   = {Lo a-priori en la teoría tomista del conocimiento según J. Maréchal},
  author  = {Darós, William Roberto},
  journal = {Pensamiento},
  volume  = {36},
  year    = {1980},
  pages   = {401--423},
}

@article{giorgini:ente,
  keywords   = {direct},
  title      = {Ente ed essenza in un saggio giovanile di Tommaso d’Aquino},
  shorttitle = {Ente ed essenza~\ldots},
  author     = {Giorgini, C.},
  journal    = {Sapienza},
  volume     = {50},
  year       = {1997},
  pages      = {129--146},
}

@article{couesnongle:mesure,
  keywords    = {direct},
  title       = {Mesure et causalité dans la \enquote{quarta via}\,},
  author      = {de Couesnongle, Vicente},
  shortauthor = {{de Couesnongle}},
  journal     = {Revue thomiste},
  volume      = {58},
  year        = {1958},
  pages       = {55--75; 244--284},
}

@article{tourpe:difference,
  author   = {Tourpe, Emmanuel},
  title    = {Différence ontologique et différence ontotheologique},
  subtitle = {Introduction à la pensée de Gustav Siewerth},
  journal  = {Revue Philosophique de Louvain},
  volume   = {93},
  year     = {1995},
  pages    = {331--369},
}

@article{robert:principe,
  keywords = {direct},
  author   = {Robert, Jean-Dominique},
  title    = {Le principe : «Actus non limitatur nisi per potentiam
              subjectivam realiter distinctam»},
  journal  = {Revue Philosophique de Louvain},
  volume   = {47},
  year     = {1949},
  pages    = {44--70},
}

@article{loux:aristotle,
  keywords = {direct},
  author   = {Michael Loux},
  title    = {Aristotle on the Transcendentals},
  journal  = {Phronesis},
  volume   = {18},
  year     = {1973},
  pages    = {225--239},
}

@article{wippel:thomas,
  keywords = {direct},
  author   = {John F. Wippel},
  title    = {Thomas Aquinas and the Axiom That Unreceived Act Is Unlimited},
  journal  = {The Review of Metaphysics},
  volume   = {51},
  year     = {1998},
  pages    = {533--564},
  annotation = {url=http://www.jstor.org/stable/20130247},
}

@book{delubac:mystere,
  location    = {Paris},
  title       = {Le Mystère du surnaturel},
  series      = {Oeuvres complètes},
  %ISBN       = {220406355X  9782204063555},
  volume      = {12},
  publisher   = {du Cerf},
  author      = {Henri de Lubac},
  shortauthor = {de Lubac},
  year={2000},
}

@book{delubac:mystere:en,
  location    = {New York},
  title       = {The Mystery of the Supernatural},
  %ISBN       = {0824516990}
  publisher   = {Crossroad},
  author      = {Henri de Lubac},
  shortauthor = {de Lubac},
  year        = {1998},
}

@book{lucas:absoluto,
  title     = {Absoluto relativo},
  subtitle  = {Presupuestos antropológicos del mensaje revelado},
  author    = {Lucas Lucas, Ramón},
  year      = {2011},
  publisher = {BAC},
  location  = {Madrid},
}

@book{lucas:hombre,
  title     = {El hombre espíritu encarnado},
  subtitle  = {Compendio de filosofía del hombre},
  author    = {Lucas Lucas, Ramón},
  year      = {2007},
  publisher = {Atenas},
  location  = {Madrid},
}

@book{lucas:orizzonte,
  location   = {Milan},
  title      = {Orizzonte verticale},
  subtitle   = {Senso e significato della persona umana},
  publisher  = {San Paolo},
  author     = {Lucas Lucas, Ramón},
  year       = {2007},
}

@article{lucas:presupposti,
  title   = {Presupposti antropologici dell'etica esistenziale e
             dell'etica normativa},
  author  = {Lucas Lucas, Ramón},
  volume  = {47},
  journal = {Doctor Communis},
  year    = {1994},
  pages   = {215--239},
}


@article{kambembo:essai,
  keywords = {direct},
  title    = {Essai d'une ontologie de l'agir},
  volume   = {65},
  pages    = {356--387; 497--538},
  journal  = {Revue Philosophique de Louvain},
  author   = {Kambembo, Daniel},
  year     = {1967},
}